@misc{criteri2009pubblicazioni,
    title = {Criteri identificanti il carattere scientifico delle pubblicazioni,
             ai sensi dell’art. 3-ter, comma 2, DDL 10 novembre 2008, n. 180,
             convertito dalla legge 9 gennaio 2009, n.1.},
    year = 2009,
    author = {MIUR},
}

@misc{criteri2013pubblicazioni,
    title = {Proposta «Criteri identificanti il carattere scientifico delle
             pubblicazioni e degli altri prodotti della ricerca» ai sensi
             art.3-ter, comma 2, l. 9 gennaio 2009, n.1 e successive
             modificazioni},
    year = 2013,
    author = {MIUR},
}

@misc{scopus,
    title = {Scopus},
    year = 2023,
    author = {Elsevier},
    url = {https://www.scopus.com/home.uri},
}

@inproceedings{hirsch2005,
    title = {An index to quantify an individual's scientific research output},
    author = {Hirsch, J.E.},
    year = 2005,
    booktitle = {Proceedings of the National Academy of Sciences of the United
                 States of America},
    doi = {https://doi.org/10.1073/pnas.0507655102},
}

@misc{scopussearch,
    title = {Scopus Search API},
    author = {Elsevier},
    url = {https://dev.elsevier.com/documentation/ScopusSearchAPI.wadl},
    year = 2023,
}

@misc{pybliometrics,
    title = {pybliometrics: Python-based API-wrapper to access Scopus},
    author = {{The pybliometrics Authors}},
    url = {https://pybliometrics.readthedocs.io/en/stable/index.html},
    year = 2023,
}

@misc{django,
    title = {Djano: The web framework for perfectionists with deadlines},
    author = {{The Django Authors}},
    url = {https://www.djangoproject.com/},
    year = 2023,
}

@misc{djangoDBMS,
    title = {Databases | Django documentation | Django},
    author = {{The Django Authors}},
    url = {https://docs.djangoproject.com/en/4.2/ref/databases/},
    year = 2023,
}

@misc{giigrinscie,
    title = {The GII-GRIN-SCIE (GGS) Conference Rating},
    author = {{GII-GRIN-SCIE}},
    url = {https://scie.lcc.uma.es},
    year = 2023,
}

@article{levenshtein1966,
  author          = {Levenshtein, Vladiminr I.},
  journal         = {Soviet Physics Doklady},
  title           = {Binary codes capable of correcting deletions, insertions,
                     and reversals},
  volume          = {10},
  year            = {1966}
}

@misc{pythonLevenshtein,
  author       = {Max Bachmann},
  title        = {Python Levensthein},
  year         = 2023,
  url = {https://github.com/maxbachmann/python-Levenshtein}
}